<?xml version="1.0" encoding="UTF-8"?><record xmlns="http://www.loc.gov/MARC21/slim" xmlns:cinclude="http://apache.org/cocoon/include/1.0" xmlns:zs="http://www.loc.gov/zing/srw/">
  <leader>00778nz  a2200169n  4500</leader>
  <controlfield tag="001">no2003074882</controlfield>
  <controlfield tag="003">DLC</controlfield>
  <controlfield tag="005">20030729052603.0</controlfield>
  <controlfield tag="008">030728n| acannaabn          |a aaa     c</controlfield>
  <datafield tag="010" ind1=" " ind2=" ">
    <subfield code="a">no2003074882</subfield>
  </datafield>
  <datafield tag="035" ind1=" " ind2=" ">
    <subfield code="a">(OCoLC)oca06112395</subfield>
  </datafield>
  <datafield tag="040" ind1=" " ind2=" ">
    <subfield code="a">WU</subfield>
    <subfield code="b">eng</subfield>
    <subfield code="c">WU</subfield>
  </datafield>
  <datafield tag="100" ind1="1" ind2=" ">
    <subfield code="a">Goncharova-Grabovskai︠a︡, S. I︠A︡.</subfield>
    <subfield code="q">(Svetlana I︠A︡kovlevna)</subfield>
  </datafield>
  <datafield tag="400" ind1="1" ind2=" ">
    <subfield code="a">Grabovskai︠a︡, S. I︠A︡. Goncharova-</subfield>
    <subfield code="q">(Svetlana I︠A︡kovlevna Goncharova-)</subfield>
  </datafield>
  <datafield tag="400" ind1="1" ind2=" ">
    <subfield code="a">Goncharova-Grabovskai︠a︡, Svetlana I︠A︡kovlevna</subfield>
  </datafield>
  <datafield tag="400" ind1="1" ind2=" ">
    <subfield code="a">Grabovskai︠a︡, Svetlana I︠A︡kovlevna Goncharova-</subfield>
  </datafield>
  <datafield tag="670" ind1=" " ind2=" ">
    <subfield code="a">Khrestomatii︠a︡ po sovremennoĭ russkoĭ dramaturgii, 2002:</subfield>
    <subfield code="b">verso t.p. (S.I︠A︡. Goncharova-Grabovskai︠a︡) colophon (Goncharova-Grabovskai︠a︡ Svetlana I︠A︡kovlevna)</subfield>
  </datafield>
</record>